@article{peng2011,
  title={Reproducible research in computational science},
  author={Peng, Roger D},
  journal={Science},
  volume={334},
  number={6060},
  pages={1226--1227},
  year={2011}
}
@Article{neupane2019,
author = {Bhandari Neupane, Jayanti and Neupane, Ram P. and Luo, Yuheng and Yoshida, Wesley Y. and Sun, Rui and Williams, Philip G.},
title = {Characterization of Leptazolines A–D, Polar Oxazolines from the Cyanobacterium Leptolyngbya sp., Reveals a Glitch with the “Willoughby–Hoye” Scripts for Calculating NMR Chemical Shifts},
journal = {Organic Letters},
volume = {21},
number = {20},
pages = {8449-8453},
year = {2019}
}
@article{mcdermott2021,
  title={Skeptic priors and climate consensus},
  author={McDermott, Grant R},
  journal={Climatic Change},
  volume={166},
  number={1-2},
  pages={7},
  year={2021},
  publisher={Springer}
}
@Manual{simonsohn2023,
  title = {groundhog: Version-Control for CRAN, GitHub, and GitLab Packages},
  author = {Uri Simonsohn and Hugo Gruson},
  year = {2023},
  note = {R package version 3.1.2, 
https://github.com/CredibilityLab/groundhog},
  url = {https://groundhogr.com/},
 }
 @Article{chan2023,
  title = {rang: Reconstructing reproducible R computational environments},
  journal = {PLOS ONE},
  author = {Chung-hong Chan and David Schoch},
  url = {https://github.com/gesistsa/rang},
  year = {2023},
  doi = {10.1371/journal.pone.0286761},
 }
@Manual{rlib2023,
  title = {rig: The R Installation Manager},
  author = {R Infrastructure},
  year = {2023},
  url = {https://github.com/r-lib/rig},
 }
@article{boettiger2017,
  author = {Boettiger, Carl and Eddelbuettel, Dirk},
  title = {The R Journal: An Introduction to Rocker: Docker Containers for R},
  journal = {The R Journal},
  year = {2017},
  note = {https://doi.org/10.32614/RJ-2017-065},
  doi = {10.32614/RJ-2017-065},
  volume = {9},
  issue = {2},
  issn = {2073-4859},
  pages = {527-536}
}
@article{landau2021,
  title={The targets R package: A dynamic Make-like function-oriented pipeline toolkit for reproducibility and high-performance computing},
  author={Landau, William Michael},
  journal={Journal of Open Source Software},
  volume={6},
  number={57},
  pages={2959},
  year={2021}
}